@book{perkins2018seven,
  title={Seven databases in seven weeks: a guide to modern databases and the NoSQL movement},
  author={Perkins, Luc and Redmond, Eric and Wilson, Jim},
  year={2018},
  publisher={Pragmatic Bookshelf}
}

@article{todorov2013aws,
  title={AWS security best practices},
  author={Todorov, Dob and Ozkan, Yinal},
  journal={Amazon Web Services [Online]. Available from: http://media. amazonwebservices. com/AWS\_Security\_Best\_Practices. p df},
  year={2013}
}

@article{mihalec2021,
  title={Five Reasons More Businesses Are Choosing Cloud},
  author={Marius Mihalec},
  journal={Forbes Technology Council [Online]. Retrieved 01/11/2021 from: https://www.forbes.com/sites/forbestechcouncil/2020/10/14/five-reasons-more-businesses-are-choosing-cloud/?sh=3fcba15a33d9},
  year={2021}
}

@article{dbengineers2021,
  title={DB-Engines Ranking},
  author={DB-Engines},
  journal={DB-Engines Ranking [Online]. Retrieved 01/11/2021 from: https://db-engines.com/en/ranking},
  year={2021}
}

@article{jeffbarr2014,
  title={ New Cost-Effective MySQL-Compatible Database Engine for Amazon RDS},
  author={Jeff Barr},
  journal={AWS News Blog [Online]. Retrieved 01/11/2021 from: https://aws.amazon.com/blogs/aws/highly-scalable-mysql-compat-rds-db-engine/},
  year={2014}
}

@article{awsdocumentedhistory,
  title={Amazon Aurora Document History},
  author={AWS},
  journal={AWS Documentation [Online]. Retrieved 01/11/2021 from: https://docs.aws.amazon.com/AmazonRDS/latest/AuroraUserGuide/WhatsNew.html},
  year={2021}
}

@article{awsrdspricing,
  title={Amazon RDS Pricing},
  year={2021},
  author={AWS Pricing},
  journal={AWS Documentation [Online]. Retrieved 02/11/2021 from: https://aws.amazon.com/rds/pricing/}
}

@article{installterraform,
  title = {Install Terraform},
  year={2021},
  author = {HashiCorp},
  journal={HashiCorp Learn [Online]. Retrieved 02/11/2021 from: https://learn.hashicorp.com/tutorials/terraform/install-cli}
}

@article{installawscli,
  title = {Installing, updating, and uninstalling the AWS CLI},
  year={2021},
  author = {AWS},
  journal={AWS Documentation [Online]. Retrieved 02/11/2021 from: https://docs.aws.amazon.com/cli/latest/userguide/cli-chap-install.html}
}

@article{configurecredentials,
  title = {Set up AWS Credentials and Region for Development},
  year={2021},
  author = {AWS},
  journal={AWS Documentation [Online]. Retrieved 02/11/2021 from: https://docs.aws.amazon.com/sdk-for-java/v1/developer-guide/setup-credentials.html}
}


@article{createaccount,
  title = {How do I create and activate a new AWS account?},
  year={2021},
  author = {Jamie},
  journal={AWS Premium Support Knowledge Center [Online]. Retrieved 03/11/2021 from: https://aws.amazon.com/premiumsupport/knowledge-center/create-and-activate-aws-account/}
}

@article{CloudPlatformComparision,
  title = {AWS vs. Azure vs. Google Cloud: 2021 Cloud Platform Comparison},
  year={2021},
  author = {Cynthia Harvey},
  journal={Datamation [Online]. Retrieved 03/11/2021 from: https://www.datamation.com/cloud/aws-vs-azure-vs-google-cloud/}
}

@article{GoogleTrends,
  title = "Google Trends Comparison with AWS RDS, Azure SQL Database and Google Cloud SQL",
  year={2021},
  author={GoogleTrends},
  journal={Google Trends [Online]. Retrieved 03/11/2021 from: https://trends.google.com/trends/explore}
}


@article{GoogleSql,
  title = "Google Trends Comparison with AWS RDS, Azure SQL Database and Google Cloud SQL",
  year={2021},
  author={GoogleCloud},
  journal={loud SQL [Online]. Retrieved 03/11/2021 from: https://cloud.google.com/sql}
}

@incollection{mazumdar2016azure,
  title={Azure SQL Database},
  author={Mazumdar, Pranab and Agarwal, Sourabh and Banerjee, Amit},
  booktitle={Pro SQL Server on Microsoft Azure},
  pages={129--156},
  year={2016},
  publisher={Springer}
}

@incollection{rdsvsazure2019,
  title={AWS RDS vs Microsoft Azure SQL Database: What does it mean for the business?},
  author={William McKnight and Jake Dolezal},
  year={2019},
  journal={Jen Stirrup [Online]. Retrieved 03/11/2021 from: https://cloud.google.com/sql}
}

@article{bartholomew2012mariadb,
  title={Mariadb vs. mysql},
  author={Bartholomew, Daniel},
  journal={Dostopano},
  volume={7},
  number={10},
  pages={2014},
  year={2012}
}

@article{sigmod2021,
  title={SIGMOD Systems Award},
  author={SIGMOD},
  year={2021},
  journal={SIGMOD Systems Award [Online]. Retrieved 03/11/2021 from: https://sigmod.org/sigmod-awards/sigmod-systems-award}
}

@article{awszones,
  title={AWS RDS Regions, Availability Zones, and Local Zones},
  author={AWS},
  year={2021},
  journal={AWS Documentation[Online]. Retrieved 03/11/2021 from: https://docs.aws.amazon.com/AmazonRDS/latest/UserGuide/}
}

@article{awsha,
  title={High availability (Multi-AZ) for Amazon RDS, Failover process for Amazon RDS},
  author={AWS},
  year={2021},
  journal={AWS Documentation[Online]. Retrieved 03/11/2021 from: https://docs.aws.amazon.com/AmazonRDS/latest/UserGuide/Concepts.MultiAZ.html}
}

@article{dignan2021,
  title={Top cloud providers in 2021: AWS, Microsoft Azure, and Google Cloud, hybrid, SaaS players},
  author={Larry Dignan },
  year={2021},
  journal={ZDNet[Online]. Retrieved 03/11/2021 from: https://www.zdnet.com/article/the-top-cloud-providers-of-2021-aws-microsoft-azure-google-cloud-hybrid-saas/}
}

@article{awsSecurityModel,
  title={Shared Responsibility Model},
  author={AWS},
  year={2021},
  journal={AWS Documentation[Online]. Retrieved 04/11/2021 from: https://aws.amazon.com/compliance/shared-responsibility-model/}
}


@article{InnoDB2021,
  title={Working with InnoDB tablespaces to improve crash recovery times},
  author={AWS},
  year={2021},
  journal={AWS Documentation[Online]. Retrieved 06/11/2021 from: https://docs.aws.amazon.com/AmazonRDS/latest/UserGuide/Appendix.MySQL.CommonDBATasks.html}
}

@article{readreplicaDB2021,
  title={Creating a read replica in a different AWS Region},
  author={AWS},
  year={2021},
  journal={AWS Documentation[Online]. Retrieved 06/11/2021 from: https://docs.aws.amazon.com/AmazonRDS/latest/UserGuide/USER_ReadRepl.XRgn.html}
}

@article{amazon2006amazon,
  title={Amazon},
  author={Amazon, EC},
  journal={See https://aws. amazon. com/ec2/(15 June 2018)},
  year={2006}
}

@article{dbcluster2021,
  title={Amazon Aurora DB clusters},
  author={AWS},
  year={2021},
  journal={AWS Documentation[Online]. Retrieved 06/11/2021 from: https://docs.aws.amazon.com/AmazonRDS/latest/AuroraUserGuide/Aurora.Overview.html}
}
